@article{cancer2009,
  title={C{\'a}ncer de mama en M{\'e}xico: una prioridad apremiante},
  author={Knaul, Felicia Marie and Nigenda, Gustavo and Lozano, Rafael and Arreola-Ornelas, H{\'e}ctor and Langer, Ana and Frenk, Julio},
  journal={Salud p{\'u}blica de M{\'e}xico},
  volume={51},
  pages={s335--s344},
  year={2009},
  publisher={Instituto Nacional de Salud P{\'u}blica}
}
@article{tendencias2011,
  title={Tendencias de la mortalidad por c{\'a}ncer de mama en M{\'e}xico, 1980-2009},
  author={Vara-Salazar, Elvia de la and Su{\'a}rez-L{\'o}pez, Leticia and {\'A}ngeles-Llerenas, Ang{\'e}lica and Torres-Mej{\'\i}a, Gabriela and Lazcano-Ponce, Eduardo},
  journal={Salud p{\'u}blica de M{\'e}xico},
  volume={53},
  number={5},
  pages={385--393},
  year={2011},
  publisher={Instituto Nacional de Salud P{\'u}blica}
}
@misc{cairemortalidad,
  title={Mortalidad por c{\'a}ncer mamario como etapa inicial para el estudio de factores de riesgo nutricios en mujeres de Sonora.[Consultado 2011 agosto]},
  author={Caire-Juvera, G and Saucedo-Tamayo, S and Esparza-Romero, J}
}
@article{vara2011,
  title={Tendencias de la mortalidad por c{\'a}ncer de mama en M{\'e}xico, 1980-2009},
  author={Vara-Salazar, Elvia de la and Su{\'a}rez-L{\'o}pez, Leticia and {\'A}ngeles-Llerenas, Ang{\'e}lica and Torres-Mej{\'\i}a, Gabriela and Lazcano-Ponce, Eduardo},
  journal={Salud p{\'u}blica de M{\'e}xico},
  volume={53},
  number={5},
  pages={385--393},
  year={2011},
  publisher={Instituto Nacional de Salud P{\'u}blica}
}
@article{torres2011,
  title={Tendencias de la mortalidad por c{\'a}ncer de mama en M{\'e}xico, 1980-2009},
  author={Torres-Mej{\'\i}a, Gabriela and Lazcano-Ponce, Eduardo},
  journal={salud p{\'u}blica de m{\'e}xico},
  volume={53},
  number={5},
  year={2011}
}
@article{dunphy1992,
  title={Use of very-high-dose chemotherapy with autologous bone marrow transplantation in treatment of breast cancer},
  author={DUNPHY, FRANK R and SPITZER, GARY},
  journal={Journal of the National Cancer Institute},
  volume={84},
  number={2},
  pages={128--129},
  year={1992},
  publisher={Oxford University Press}
}
@article{ortegacancer,
  title={C{\'A}NCER DE MAMA-M{\'E}XICO},
  author={Ortega, Arturo Beltr{\'a}n}
}
@book{dono2012,
  title={Il dono della libert{\`a} e l’ambizione dei tiranni. L’arte della politica nel pensiero di Leonardo da Vinci.},
  author={Versiero, Marco},
  year={2012}
}
@article{ortcancer,
  title={C{\'A}NCER DE MAMA-M{\'E}XICO},
  author={Ortega, Arturo Beltr{\'a}n}
}
@article{sournia1,
  title={1. A arqueologia de uma doen{\c{c}}a},
  author={Sournia, Jean-Charles}
}
@article{halsted1894,
  title={I. The results of operations for the cure of cancer of the breast performed at the Johns Hopkins Hospital from June, 1889, to January, 1894},
  author={Halsted, William S},
  journal={Annals of surgery},
  volume={20},
  number={5},
  pages={497},
  year={1894},
  publisher={Lippincott, Williams, and Wilkins}
}
@article{halsted1907,
  title={I. The results of radical operations for the cure of carcinoma of the breast},
  author={Halsted, William Stewart},
  journal={Annals of surgery},
  volume={46},
  number={1},
  pages={1},
  year={1907},
  publisher={Lippincott, Williams, and Wilkins}
}
@article{breast2004,
  title={Breast carcinoma in men},
  author={Giordano, Sharon H and Cohen, Deborah S and Buzdar, Aman U and Perkins, George and Hortobagyi, Gabriel N},
  journal={Cancer},
  volume={101},
  number={1},
  pages={51--57},
  year={2004},
  publisher={Wiley Online Library}
}
@article{leal2013,
  title={Protecci{\'o}n social en salud? Ni" seguro", ni" popular},
  author={Leal Fern{\'a}ndez, Gustavo},
  journal={Estudios pol{\'\i}ticos (M{\'e}xico)},
  number={28},
  pages={163--193},
  year={2013},
  publisher={Universidad Nacional Aut{\'o}noma de M{\'e}xico, Facultad de Ciencias Pol{\'\i}ticas y Sociales, Centro de Estudios Pol{\'\i}ticos}
}
@inproceedings{moner2006,
  title={Integraci{\'o}n sem{\'a}ntica y estandarizaci{\'o}n de datos cl{\'\i}nicos basada en arquetipos},
  author={Moner, D and Maldonado, JA and Bosc{\'a}, D and Fern{\'a}ndez-Breis, JT and Vivancos, PJ and Robles, M},
  booktitle={XXIV Congreso Anual de la Sociedad Espa{\~n}ola de Ingenier{\'\i}a Biom{\'e}dica (CASEIB 2006). Pamplona},
  pages={241--244},
  year={2006}
}
%19.  Sommerville, 1989
@book{kotonya1998,
  title={Requirements engineering: processes and techniques},
  author={Kotonya, Gerald and Sommerville, Ian},
  year={1998},
  publisher={Wiley Publishing}
}
%20.   Pressman, 1998
@article{pressman1998,
  title={Can internet-based applications be engineered?},
  author={Pressman, Roger S and Lewis, Ted and Adida, Ben and Ullman, Ellen and DeMarco, Tom and Gilb, Thomas and Gorda, Brent and Humphrey, Watts and Johnson, Ray},
  journal={IEEE Software},
  volume={15},
  number={5},
  pages={104},
  year={1998},
  publisher={IEEE Computer Society}
}
%21.  Martin, 1992
@article{schneider1992,
  title={An experimental study of fault detection in user requirements documents},
  author={Schneider, G Michael and Martin, Johnny and Tsai, Wei-Tek},
  journal={ACM Transactions on Software Engineering and Methodology (TOSEM)},
  volume={1},
  number={2},
  pages={188--204},
  year={1992},
  publisher={ACM}
}

%22.   Date, 2001
@article{crnkovic2001,
  title={Component-based software engineering—new challenges in software development},
  author={Crnkovic, Ivica},
  journal={Software Focus},
  volume={2},
  number={4},
  pages={127--133},
  year={2001},
  publisher={Wiley Online Library}
}
%23.
@book{banker2011,
  title={MongoDB in action},
  author={Banker, Kyle},
  year={2011},
  publisher={Manning Publications Co.}
}




























































































